<?xml version="1.0" encoding="UTF-8"?><collection><record><leader>07357ntm a22006012a 4500</leader><controlfield tag="001">006805735</controlfield><controlfield tag="003">MiAaHDL</controlfield><controlfield tag="005">20190719000000.0</controlfield><controlfield tag="006">m        d        </controlfield><controlfield tag="007">cr bn ---auaua</controlfield><controlfield tag="008">090602q15751625ii            00| ||per d</controlfield><datafield tag="035" ind1=" " ind2=" "><subfield code="a">(MiU)006805735</subfield></datafield><datafield tag="035" ind1=" " ind2=" "><subfield code="a">sdr-miu006805735</subfield></datafield><datafield tag="040" ind1=" " ind2=" "><subfield code="a">MiU</subfield><subfield code="c">MiU</subfield><subfield code="e">amremm</subfield></datafield><datafield tag="043" ind1=" " ind2=" "><subfield code="a">n-us-mi</subfield></datafield><datafield tag="100" ind1="0" ind2=" "><subfield code="6">880-01</subfield><subfield code="a">Firdawsī.</subfield></datafield><datafield tag="240" ind1="1" ind2="0"><subfield code="6">880-02</subfield><subfield code="a">Shāhnāmah</subfield></datafield><datafield tag="245" ind1="1" ind2="0"><subfield code="6">880-03</subfield><subfield code="a">Kitāb-i Shāhnāmah,</subfield><subfield code="f">[late 16th or early 17th century?].</subfield></datafield><datafield tag="246" ind1="3" ind2=" "><subfield code="a">شاه نامه</subfield></datafield><datafield tag="246" ind1="3" ind2=" "><subfield code="a">كتاب شاهنامه</subfield></datafield><datafield tag="260" ind1=" " ind2=" "><subfield code="a">[India?,</subfield><subfield code="c">1575-1625?].</subfield></datafield><datafield tag="300" ind1=" " ind2=" "><subfield code="a">617 leaves :</subfield><subfield code="b">paper, ill. ;</subfield><subfield code="c">335 x 210 (236 x 123) mm.</subfield></datafield><datafield tag="500" ind1=" " ind2=" "><subfield code="a">Shelfmark: Ann Arbor, University of Michigan, Special Collections Library, Isl. Ms. 280</subfield></datafield><datafield tag="500" ind1=" " ind2=" "><subfield code="a">Origin: As appears in colophon on p.1236, copied by ʻAbd al-Qādir Sāvajī al-Qazvīnī with transcription completed 7 Jumādá II in an unspecified year. F. Abdullaeva, Oleg Akimushkin, and Philippa Vaughan refer the manuscript's production to the latter 16th or early 17th century. "As for the place of origin, the scribe was evidently of Iranian background and training, even if living in India, while the paintings are clearly to be distinguished as Indian. It seems that the calligrapher and painter (there were at least two of them) did not work in the same period" - from description of F. Abdullaeva.</subfield></datafield><datafield tag="500" ind1=" " ind2=" "><subfield code="a">Former shelfmark: "153 T. De M. [i.e. Tammaro De Marinis]" in pencil on verso of front flyleaf.</subfield></datafield><datafield tag="500" ind1=" " ind2=" "><subfield code="a">Binding: Pasteboards covered in dark brown leather ; Type II binding (with flap, though now lost), likely two-piece binding (seam of overlapping flanges visible at spine) ; pastedowns and flyleaves in dark blue textured, coated paper (embossed with scrolling vegetal design) ; upper and lower covers carry stamped (orange-red recessed onlays) and gold-painted central lozenge (filled with vegetal composition, compare Déroche class. OSd), pendants and cornerpieces with gold-painted accents and borders with outermost guilloché roll ; edges of text block gold-painted with floral designs ; sewn in red thread, two stations ; worked chevron endbands in yellow and red ; overall in fair condition with loss of flap and minor abrasion, lifting and losses of leather, delamination of boards, staining, etc. ; housed in box for protection.</subfield></datafield><datafield tag="500" ind1=" " ind2=" "><subfield code="a">Support: non-European (likely Indian) laid paper with roughly 9 laid lines per cm. (both horizontal and vertical orientation found in different leaves), somewhat indistinct, some curving, no regular chain lines plainly visible, medium cream in color, thin and crisp though sturdy, lightly burnished ; minor breakthrough at frames in a few leaves.</subfield></datafield><datafield tag="500" ind1=" " ind2=" "><subfield code="a">Decoration: "The manuscript has three ʻunwāns (double page illumination at the beginning of the most important chapters) and one sarlawḥ (initial illumination in the beginning of the book), and 14 miniatures in local Indian style. The text is therefore not very heavily illustrated, an average of one picture every 40 folios or so, though the distribution of paintings is rather irregular, the gaps ranging from 6 folios to 135, and as is common, with no illustrations in the 'historical' section of the poem, after the establishment of the Sāsānian dynasty under Ardashīr. Ten of the 14 paintings illustrate episodes occurring in the lifetime of the main hero, Rustam, and include several of the most frequently illustrated scences" - from description of F. Abdullaeva (see p.30 in "An unknown Shāhnāma from Ann Arbor") ; as reported by F. Abdullaeva, Philippa Vaughan proposes for the paintings the "sub-Imperial" Mughal style of the first quarter of the 17th century with influence of the palette of the Kashmīrī school, particularly the use of bright pink, orange and light green in combination ; headings rubricated ; written area and devisions within outlined by a gold frame defined by black fillets.</subfield></datafield><datafield tag="500" ind1=" " ind2=" "><subfield code="a">Script: Nastʻalīq ; compact, elegant Persianate hand in a medium line ; serifless, with effect of words descending to baseline, elongation and contrasting thickness of horizontal strokes, pointing mainly in distinct dots.</subfield></datafield><datafield tag="500" ind1=" " ind2=" "><subfield code="a">Layout: "Organized in 4 columns with 25 lines on each page" - from description of F. Abdullaeva.</subfield></datafield><datafield tag="500" ind1=" " ind2=" "><subfield code="a">Collation: ii, IV+1 (9), 6 V(69), III (75), V+1 (86), 4 V(126), II (130), 2 V(150), IV (158), 3 V(188), V-1 (197), 6 V(257), V-1 (266), 2 V(286), V-1 (295), 4 V(335), III+3 (344), 6 V(404), II (408), 3 V(438), V-1 (447), 7 V(517), IV (525), 9 V(615), I (617), ii ; chiefly quinions ; middle of the quire marks in the form of middle of the quire marks in the form of oblique strokes in black ink, upper outer corner of the right-hand leaf, lower-outer corner of the left-hand leaf ; catchwords present (though occasionally lost to trimming) ; pagination in pencil, Western numerals, supplied during digitization.</subfield></datafield><datafield tag="500" ind1=" " ind2=" "><subfield code="a">Colophon: "Scribal," rectangular, reads "تمت تمام شد کتاب شاه نامه بتاریخ هفتم ماه جماد الآخر کاتبه فقیر الحقیر عبد القادر ساوجی القزوینی سنة تحریر یافت [؟]"</subfield></datafield><datafield tag="500" ind1=" " ind2=" "><subfield code="a">Explicit: "هر آنکس که دارد هش و رای [و] دین پس از مرگ بر من کند به آفرین"</subfield></datafield><datafield tag="500" ind1=" " ind2=" "><subfield code="a">Incipit: "بنام خدواند جان و خرد کزین برتر اندیشه می نگذرد [بر گذرد]..."</subfield></datafield><datafield tag="500" ind1=" " ind2=" "><subfield code="a">Title from colophon on p.1236.</subfield></datafield><datafield tag="500" ind1=" " ind2=" "><subfield code="a">Ms. codex.</subfield></datafield><datafield tag="510" ind1="4" ind2=" "><subfield code="a">Cat. Pers. MSS. Brit. Mus.,</subfield><subfield code="c">p. 533 ff.</subfield></datafield><datafield tag="510" ind1="4" ind2=" "><subfield code="a">Abdullaeva, F. "Divine, Human and Demonic: Iconographic Flexibility in the Depiction of Rustam and Ashkabus", In Shahnama Studies I, ed. Ch. Melville, Pembroke Papers 5, Cambridge, 2006,</subfield><subfield code="c">pp. 203-219.</subfield></datafield><datafield tag="510" ind1="4" ind2=" "><subfield code="a">Abdullaeva, F. "An unknown Shāhnāma from Ann Arbor,"</subfield><subfield code="c">Manuscripta Orientalia, 11, no. i (2005), pp. 28-60.</subfield></datafield><datafield tag="520" ind1="8" ind2=" "><subfield code="a">Splendid copy of the renowned epic by Firdawsī (d.1020), illustrated with 14 miniatures. Detailed description of the manuscript and miniatures by Firuza I. Abdullaeva ("An unknown Shāhnāma from Ann Arbor," published in Manuscripta Orientalia, vol.11, no.1, March 2005, pp.28-60).</subfield></datafield><datafield tag="538" ind1=" " ind2=" "><subfield code="a">Mode of access: Internet.</subfield></datafield><datafield tag="541" ind1=" " ind2=" "><subfield code="c">Purchase ;</subfield><subfield code="a">Acquired by purchase (funds donated by Horace Rackham).</subfield><subfield code="d">1924.</subfield></datafield><datafield tag="546" ind1=" " ind2=" "><subfield code="a">Persian.</subfield></datafield><datafield tag="561" ind1=" " ind2=" "><subfield code="a">Effaced seal impressions (large circular and oval) and statements on 'title page' (p.3) ; finger tabs in mauve silk (partially lost) mark various sections ; collation statement on back flyleaf (p.1237) "عدد اوراق ٦٣٢" ; fairly clean copy.</subfield></datafield><datafield tag="650" ind1=" " ind2="0"><subfield code="a">Manuscripts, Persian</subfield><subfield code="z">Michigan</subfield><subfield code="z">Ann Arbor.</subfield></datafield><datafield tag="650" ind1=" " ind2="0"><subfield code="a">Epic poetry, Persian</subfield><subfield code="v">Early works to 1800.</subfield></datafield><datafield tag="700" ind1="0" ind2=" "><subfield code="a">Abdülhamid</subfield><subfield code="b">II,</subfield><subfield code="c">Sultan of the Turks,</subfield><subfield code="d">1842-1918,</subfield><subfield code="e">former owner.</subfield></datafield><datafield tag="700" ind1="0" ind2=" "><subfield code="6">880-04</subfield><subfield code="a">ʻAbd al-Qādir Sāvajī al-Qazvīnī,</subfield><subfield code="d">fl. late 16th cent.?,</subfield><subfield code="e">scribe.</subfield></datafield><datafield tag="773" ind1="0" ind2=" "><subfield code="a">Abdul Hamid Collection.</subfield></datafield><datafield tag="880" ind1="0" ind2=" "><subfield code="6">700-04/</subfield><subfield code="a">عبد القادر ساوجى القزوينى,</subfield><subfield code="e">ناسخ.</subfield></datafield><datafield tag="880" ind1="1" ind2="0"><subfield code="6">245-03/</subfield><subfield code="a">کتاب شاهنامه،</subfield><subfield code="f">[پایان قرن 16 ایا آغاز قرن 17م؟].</subfield></datafield><datafield tag="880" ind1="1" ind2="0"><subfield code="6">240-02/</subfield><subfield code="a">شاهنامه</subfield></datafield><datafield tag="880" ind1="0" ind2=" "><subfield code="6">100-01/</subfield><subfield code="a">فردوسي.</subfield></datafield><datafield tag="CID" ind1=" " ind2=" "><subfield code="a">006805735</subfield></datafield><datafield tag="DAT" ind1="0" ind2=" "><subfield code="a">20190719102637.0</subfield><subfield code="b">20190719000000.0</subfield></datafield><datafield tag="DAT" ind1="1" ind2=" "><subfield code="a">20190719090653.0</subfield><subfield code="b">2019-07-19T16:11:38Z</subfield></datafield><datafield tag="DAT" ind1="2" ind2=" "><subfield code="a">2015-10-02T18:00:03Z</subfield></datafield><datafield tag="CAT" ind1=" " ind2=" "><subfield code="a">SDR-MIU</subfield><subfield code="d">EX LIBRIS - ALEPH</subfield><subfield code="l">prepare.pl-004-008</subfield></datafield><datafield tag="FMT" ind1=" " ind2=" "><subfield code="a">BK</subfield></datafield><datafield tag="HOL" ind1=" " ind2=" "><subfield code="0">sdr-miu006805735</subfield><subfield code="a">MiU</subfield><subfield code="b">SDR</subfield><subfield code="c">MIU</subfield><subfield code="p">mdp.39015079127547</subfield><subfield code="s">MIU</subfield><subfield code="1">006805735</subfield></datafield><datafield tag="974" ind1=" " ind2=" "><subfield code="b">MIU</subfield><subfield code="c">MIU</subfield><subfield code="d">20190719</subfield><subfield code="s">lit-dlps-dc</subfield><subfield code="u">mdp.39015079127547</subfield><subfield code="y">1625</subfield><subfield code="r">pd</subfield><subfield code="q">bib</subfield><subfield code="t">non-US bib date2 &lt; 1896</subfield></datafield></record></collection>